% Encoding: UTF-8

@Misc{schleuniger,
  Title                    = {Photodiodenverstärker mit Operationsverstärker},
  Author                   = {Pascal Schleuniger},
  HowPublished             = {nicht veröffentlicht},
  year  		 	= {2017},
  date  		 	= {2017-11-15},
}

@Electronic{varan-bus,
  title   = {Varan-Bus},
  url     = {https://www.varan-bus.net/technologie/},
  urldate = {2018-12-18},
}

@Electronic{ethernet,
  title   = {Ethernet},
  url     = {https://www.itwissen.info/Ethernet-Ethernet.html},
  urldate = {2018-12-18},
}

@Electronic{4b5b,
  title   = {4B5B},
  url     = {https://www.itwissen.info/4B-5B-Codierung-4-binary-5-binary-4B-5B.html},
  urldate = {2018-12-18},
}

@Electronic{MLT-3,
  title   = {MLT-3},
  url     = {https://www.itwissen.info/MLT-multi-level-transmission-MLT-Codierung.html},
  urldate = {2018-12-18},
}

@Electronic{MLT-3Bild,
  title   = {MLT-3},
  url     = {https://de.wikipedia.org/wiki/MLT-3-Code},
  urldate = {2018-12-18},
}

@Electronic{PhotoAmp,
  title   = {Transimpedance Amplifier},
  url     = {https://electronics.stackexchange.com/questions/231082/transimpedance-amplifier-photodiode},
  urldate = {2018-12-21},
}

@Article{underwater,
  author    = {et al.,Giulio Cossu},
  title     = {Full-Fledged 10Base-T Ethernet Underwater Optical Wireless Communication System},
  journal   = {IEEE Journal on Selected Areas in Communications},
  year      = {2018},
  volume    = {36},
  number    = {1},
  pages     = {194-202},
  doi       = {10.1109/JSAC.2017.2774702},
  url       = {https://ieeexplore.ieee.org/document/8113454},
}

@Article{high-speed-led,
  author    = {et al.,Hubert Halbritter},
  title     = {High-Speed LED Driver for ns-Pulse Switching of High-Current LEDs},
  journal   = {IEEE Photonics Technology Letters },
  year      = {2014},
  volume    = {26},
  number    = {18},
  pages     = {1871-1873},
  doi       = {10.1109/LPT.2014.2336732},
  url       = {https://ieeexplore.ieee.org/document/6851184},
}

@Article{design_photo,
  author    = {Burr-Brown.},
  title     = {Designing Photodiode Amplifier circuits with OPA128},
  journal   = {Application Bulletin},
  year      = {1994},
}

@Electronic{ltc6268,
  title   = {Datenblatt LTC6268},
  url     = {https://www.analog.com/media/en/technical-documentation/data-sheets/626810f.pdf},
  urldate = {2019-01-18},
}

@Electronic{sfh4235,
  title   = {Datenblatt SFH4235},
  url     = {https://dammedia.osram.info/media/resource/hires/osram-dam-5340629/SFH/204235_EN.pdf},
  urldate = {2019-01-18},
}



@Comment{jabref-meta: databaseType:biblatex;}

% Encoding: UTF-8
